<?xml version="1.0" encoding="UTF-8"?><collection xmlns="http://www.loc.gov/MARC21/slim"><record><leader>00664nam--2200205-i-4500</leader><controlfield tag="001">000029748</controlfield><controlfield tag="002">20161230</controlfield><controlfield tag="005">20161230201037</controlfield><controlfield tag="008">060222s1000------------r-----000-0-fre-d</controlfield><datafield ind1=" " ind2=" " tag="040"><subfield code="a">IFIN-HH</subfield></datafield><datafield ind1=" " ind2=" " tag="041"><subfield code="a">fre</subfield></datafield><datafield ind1=" " ind2=" " tag="080"><subfield code="a">54-1</subfield></datafield><datafield ind1="1" ind2=" " tag="100"><subfield code="a">Abraham, H</subfield></datafield><datafield ind1="1" ind2="0" tag="245"><subfield code="a">Molecules, atomes et notations chimiques memoires de gay-lussac-avogadro-ampere dumas-gaudin-gerhardt. avec 1 planche hors texte</subfield><subfield code="c">H. abraham, h. gautier, h. le chatelier, j. lemoine</subfield></datafield><datafield ind1=" " ind2=" " tag="260"><subfield code="a">Paris</subfield><subfield code="b">Librairie Armand Colin</subfield><subfield code="c">1913</subfield></datafield><datafield ind1=" " ind2=" " tag="300"><subfield code="a">XII + 116P</subfield></datafield><datafield ind1=" " ind2=" " tag="490"><subfield code="a">Les Classiques De La Science</subfield><subfield code="v">Vol. Iv</subfield></datafield><datafield ind1="1" ind2=" " tag="700"><subfield code="a">Lemoine, J</subfield></datafield><datafield ind1=" " ind2=" " tag="852"><subfield code="a">44462</subfield><subfield code="c">H.H</subfield></datafield><datafield ind1=" " ind2=" " tag="CAT"><subfield code="a">Sys</subfield><subfield code="c">20130405</subfield><subfield code="h">135845</subfield></datafield></record></collection>